% This file was created with JabRef 2.10.
% Encoding: UTF8


@Article{LoremIpsum,
  Title                    = {Lorem Ipsum},
  Author                   = {n.a.},
  Note             = {\url{http://de.wikipedia.org/wiki/Lorem_ipsum}, aufgerufen am 23.02.2015},
  Timestamp                = {01.01.2015},
  Url                      = {http://de.wikipedia.org/wiki/Lorem_ipsum}
}
